<?xml version="1.0" encoding="UTF-8"?><collection xmlns="http://www.loc.gov/MARC21/slim"><record><leader>00329nam--2200121-i-4500</leader><controlfield tag="001">000002423</controlfield><controlfield tag="002">20161230</controlfield><controlfield tag="005">20161230201025</controlfield><controlfield tag="008">060222s1000------------r-----000-0-eng-d</controlfield><datafield ind1=" " ind2=" " tag="100"><subfield code="a">Fieser, Louis F., Fieser, Mary</subfield></datafield><datafield ind1=" " ind2=" " tag="245"><subfield code="a">Style guide for chemists</subfield></datafield><datafield ind1=" " ind2=" " tag="260"><subfield code="a">New York, Reinhold Publ. Corporation, 1961. Vi +116 P</subfield></datafield><datafield ind1=" " ind2=" " tag="852"><subfield code="a">20124</subfield></datafield></record></collection>